<?xml version="1.0" encoding="UTF-8"?><collection xmlns="http://www.loc.gov/MARC21/slim"><record><leader>00342nam--2200133-i-4500</leader><controlfield tag="001">000040884</controlfield><controlfield tag="002">20161230</controlfield><controlfield tag="005">20161230201042</controlfield><controlfield tag="008">060222s1000------------r-----000-0-eng-d</controlfield><datafield ind1=" " ind2=" " tag="080"><subfield code="a">53</subfield></datafield><datafield ind1=" " ind2=" " tag="245"><subfield code="a">Science and society</subfield></datafield><datafield ind1=" " ind2=" " tag="260"><subfield code="a">San Francisco, Holden-day, Inc.,1966. V+153 P</subfield></datafield><datafield ind1=" " ind2=" " tag="700"><subfield code="a">Alexander Vavoulis And A.Wayne Colver</subfield></datafield><datafield ind1=" " ind2=" " tag="852"><subfield code="a">30354</subfield></datafield></record></collection>